%http://www.bibtex.org/SpecialSymbols/
% bibtex diploma
@BOOK{Wettl04,
  author="Ferenc Wettl",
  title="\LaTeX~de\H{o}rp",
  publisher="Panem derp",
  year=2004
}
